@article{beg2005computing,
  title={Computing large deformation metric mappings via geodesic flows of diffeomorphisms},
  author={Beg, M Faisal and Miller, Michael I and Trouv{\'e}, Alain and Younes, Laurent},
  journal={International journal of computer vision},
  volume={61},
  number={2},
  pages={139--157},
  year={2005},
  publisher={Springer}
}
@article{tustison2010n4itk,
  title={N4ITK: improved N3 bias correction},
  author={Tustison, Nicholas J and Avants, Brian B and Cook, Philip A and Zheng, Yuanjie and Egan, Alexander and Yushkevich, Paul A and Gee, James C},
  journal={IEEE transactions on medical imaging},
  volume={29},
  number={6},
  pages={1310--1320},
  year={2010},
  publisher={IEEE}
}
@incollection{kikinis20143d,
  title={3D Slicer: a platform for subject-specific image analysis, visualization, and clinical support},
  author={Kikinis, Ron and Pieper, Steve D and Vosburgh, Kirby G},
  booktitle={Intraoperative imaging and image-guided therapy},
  pages={277--289},
  year={2014},
  publisher={Springer}
}
@article{yushkevich2006user,
  title={User-guided 3D active contour segmentation of anatomical structures: significantly improved efficiency and reliability},
  author={Yushkevich, Paul A and Piven, Joseph and Hazlett, Heather Cody and Smith, Rachel Gimpel and Ho, Sean and Gee, James C and Gerig, Guido},
  journal={Neuroimage},
  volume={31},
  number={3},
  pages={1116--1128},
  year={2006},
  publisher={Elsevier}
}
@article{thakur2020brain,
  title={Brain extraction on MRI scans in presence of diffuse glioma: Multi-institutional performance evaluation of deep learning methods and robust modality-agnostic training},
  author={Thakur, Siddhesh and Doshi, Jimit and Pati, Sarthak and Rathore, Saima and Sako, Chiharu and Bilello, Michel and Ha, Sung Min and Shukla, Gaurav and Flanders, Adam and Kotrotsou, Aikaterini and others},
  journal={NeuroImage},
  volume={220},
  pages={117081},
  year={2020},
  publisher={Elsevier}
}
@article{fuentes2015morphometry,
  title={Morphometry-based measurements of the structural response to whole-brain radiation},
  author={Fuentes, D and Contreras, J and Yu, J and He, Ran and Castillo, Edward and Castillo, Richard and Guerrero, Thomas},
  journal={International journal of computer assisted radiology and surgery},
  volume={10},
  number={4},
  pages={393--401},
  year={2015},
  publisher={Springer}
}
@inproceedings{kamnitsas2016deepmedic,
  title={DeepMedic for brain tumor segmentation},
  author={Kamnitsas, Konstantinos and Ferrante, Enzo and Parisot, Sarah and Ledig, Christian and Nori, Aditya V and Criminisi, Antonio and Rueckert, Daniel and Glocker, Ben},
  booktitle={International Workshop on Brainlesion: Glioma, Multiple Sclerosis, Stroke and Traumatic Brain Injuries},
  pages={138--149},
  year={2016},
  organization={Springer}
}
@inproceedings{ronneberger2015u,
  title={U-net: Convolutional networks for biomedical image segmentation},
  author={Ronneberger, Olaf and Fischer, Philipp and Brox, Thomas},
  booktitle={International Conference on Medical image computing and computer-assisted intervention},
  pages={234--241},
  year={2015},
  organization={Springer}
}

@inproceedings{huang2017densely,
  title={Densely connected convolutional networks},
  author={Huang, Gao and Liu, Zhuang and Van Der Maaten, Laurens and Weinberger, Kilian Q},
  booktitle={Proceedings of the IEEE conference on computer vision and pattern recognition},
  pages={4700--4708},
  year={2017}
}
@article{Morshid2019,
  title={{A machine learning model to predict hepatocellular carcinoma response to transcatheter arterial chemoembolization}},
  author={A.~Morshid and K.~Elsayes
        A.M.~Khalaf and
        J.~Yu and
        A.~Kaseb and
        M.~Hassan and
        A.~Mahvash and
        Z.~Wang and
        J.D.~Hazle and
        D.~Fuentes },
  journal={{Radiology: Artificial Intelligence}},
  year={2019},
  volume={1},
  note={cover page. Commentary from \cite{chapiro2019code}.},
  number={5},
}
@article{chapiro2019code,
  title={From Code to Bedside: Introducing Predictive Intelligence to Interventional Oncology},
  author={Chapiro, Julius and Duncan, James S},
  journal={Radiology: Artificial Intelligence},
  volume={1},
  number={5},
  pages={e190139},
  year={2019},
  publisher={Radiological Society of North America}
}
@inproceedings{Gates2018,
  title={Glioma Segmentation and a Simple Accurate Model for Overall Survival Prediction},
  author={Gates, Evan and Pauloski, J Gregory and Schellingerhout, Dawid and Fuentes, David},
  booktitle={International MICCAI Brainlesion Workshop},
  pages={476--484},
  year={2018},
  organization={Springer}
}

